@article{cacucci1988forward,
  title={The Forward and the Adjoint Method of Sensitivity Analysis},
  author={Cacucci, DG},
  journal={Uncertainty Analysis},
  year={1988},
  pages={71--144},
  publisher={CRC Press}
}

@article{mckay1988sensitivity,
  title={Sensitivity and uncertainty analysis using a statistical sample of input values},
  author={McKay, J},
  journal={Uncertainty analysis},
  year={1988},
  pages           = {145--186},
  publisher={CRC press}
}

@inproceedings{julier1997new,
  title={New extension of the Kalman filter to nonlinear systems},
  author={Julier, Simon J and Uhlmann, Jeffrey K},
  booktitle={Signal processing, sensor fusion, and target recognition VI},
  volume={3068},
  pages={182--193},
  year={1997},
  organization={Spie}
}

@article{nihira2019combination,
  title={Combination of sensitivity-based and random sampling-based methodologies for efficient uncertainty quantification calculations with control variates method},
  author={Nihira, Shunsuke and Chiba, Go},
  journal={Journal of nuclear science and technology},
  volume={56},
  number={11},
  pages={971--980},
  year={2019},
  publisher={Taylor \& Francis}
}

@book{kroese2013handbook,
  title={Handbook of monte carlo methods},
  author={Kroese, Dirk P and Taimre, Thomas and Botev, Zdravko I},
  year={2013},
  publisher={John Wiley \& Sons}
}

@article{kida2022enhancement,
  title={Enhancement of applicability of high-efficiency random sampling method using control variates method and sensitivity coefficients},
  author={Kida, Takumi and Chiba, Go},
  journal={Journal of nuclear science and technology},
  volume={59},
  number={7},
  pages={866--874},
  year={2022},
  publisher={Taylor \& Francis}
}

@misc{suzuki2022,
  author  = {鈴木優},
  school  = {北海道大学},
  title   = {「高効率サンプリング手法CV-S法の無次元化による性能向上」},
  note    = {2021年度北海道大学卒業論文},
  year    = {2022},
  
}

@mastersthesis{kida2022aki,
  author  = {木田拓実、千葉豪},
  school  = {北海道大学},
  title   = {「制御変量法と感度係数を利用した高効率ランダムサンプリング 手法の改良 (3) 複数のパラメータを組み合わせた仮想的なCV-S法」},
  note    = {日本原子力学会2021 年秋の大会},
  year    = {2022},
  
}

@mastersthesis{kida2022syuusi,
  author  = {木田拓実},
  school  = {北海道大学},
  title   = {「燃料集合体体系でのCV-S法による炉物理パラメータの不確かさ評価」},
  note    = {2021年度北海道大学修士論文},
  year    = {2022},
  
}

@article{efron1986bootstrap,
  title={Bootstrap methods for standard errors, confidence intervals, and other measures of statistical accuracy},
  author={Efron, Bradley and Tibshirani, Robert},
  journal={Statistical science},
  pages={54--75},
  year={1986},
  publisher={JSTOR}
}
@article{endo2015confidence,
  title={Confidence interval estimation by bootstrap method for uncertainty quantification using random sampling method},
  author={Endo, Tomohiro and Watanabe, Tomoaki and Yamamoto, Akio},
  journal={Journal of Nuclear Science and Technology},
  volume={52},
  number={7-8},
  pages={993--999},
  year={2015},
  publisher={Taylor \& Francis}
}

@article{kugo2007theoretical,
  title={Theoretical study on new bias factor methods to effectively use critical experiments for improvement of prediction accuracy of neutronic characteristics},
  author={Kugo, Teruhiko and Mori, Takamasa and Takeda, Toshikazu},
  journal={Journal of nuclear science and technology},
  volume={44},
  number={12},
  pages={1509--1517},
  year={2007},
  publisher={Taylor \& Francis}
}

@misc{Harada,
  title        = {Similarity evaluation between neutron multiplication factors and nuclide inventories during nuclear fuel burnup},
  author       = {Harada, Hiroki and Chiba, Go},
  school = {Hokkaido University},
  
}